
@ARTICLE{Abraham1996,
   author = {{Abraham}, R.~G. and {Tanvir}, N.~R. and {Santiago}, B.~X. and 
	{Ellis}, R.~S. and {Glazebrook}, K. and {van den Bergh}, S.},
    title = "{Galaxy morphology to I=25 mag in the Hubble Deep Field}",
  journal = {\mnras},
   eprint = {astro-ph/9602044},
 keywords = {GALAXIES: EVOLUTION, GALAXIES: FORMATION, COSMOLOGY: OBSERVATIONS},
     year = 1996,
    month = apr,
   volume = 279,
    pages = {L47-L52},
      doi = {10.1093/mnras/279.3.47L},
   adsurl = {http://adsabs.harvard.edu/abs/1996MNRAS.279L..47A},
  adsnote = {Provided by the SAO/NASA Astrophysics Data System}
}

@ARTICLE{Abraham2003,
   author = {{Abraham}, R.~G. and {van den Bergh}, S. and {Nair}, P.},
    title = "{A New Approach to Galaxy Morphology. I. Analysis of the Sloan Digital Sky Survey Early Data Release}",
  journal = {\apj},
   eprint = {astro-ph/0301239},
 keywords = {Galaxies: Evolution, Galaxies: Fundamental Parameters},
     year = 2003,
    month = may,
   volume = 588,
    pages = {218-229},
      doi = {10.1086/373919},
   adsurl = {http://adsabs.harvard.edu/abs/2003ApJ...588..218A},
  adsnote = {Provided by the SAO/NASA Astrophysics Data System}
}

@ARTICLE{NairAbraham2010,
   author = {{Nair}, P.~B. and {Abraham}, R.~G.},
    title = "{A Catalog of Detailed Visual Morphological Classifications for 14,034 Galaxies in the Sloan Digital Sky Survey}",
  journal = {\apjs},
archivePrefix = "arXiv",
   eprint = {1001.2401},
 keywords = {catalogs, galaxies: fundamental parameters, galaxies: photometry, galaxies: structure},
     year = 2010,
    month = feb,
   volume = 186,
    pages = {427-456},
      doi = {10.1088/0067-0049/186/2/427},
   adsurl = {http://adsabs.harvard.edu/abs/2010ApJS..186..427N},
  adsnote = {Provided by the SAO/NASA Astrophysics Data System}
}

@ARTICLE{Lotz2004,
   author = {{Lotz}, J.~M. and {Primack}, J. and {Madau}, P.},
    title = "{A New Nonparametric Approach to Galaxy Morphological Classification}",
  journal = {\aj},
   eprint = {astro-ph/0311352},
 keywords = {Galaxies: Fundamental Parameters, Galaxies: High-Redshift, Galaxies: Peculiar, Galaxies: Structure},
     year = 2004,
    month = jul,
   volume = 128,
    pages = {163-182},
      doi = {10.1086/421849},
   adsurl = {http://adsabs.harvard.edu/abs/2004AJ....128..163L},
  adsnote = {Provided by the SAO/NASA Astrophysics Data System}
}

@ARTICLE{Kartaltepe2015,
   author = {{Kartaltepe}, J.~S. and {Mozena}, M. and {Kocevski}, D. and 
	{McIntosh}, D.~H. and {Lotz}, J. and {Bell}, E.~F. and {Faber}, S. and 
	{Ferguson}, H. and {Koo}, D. and {Bassett}, R. and {Bernyk}, M. and 
	{Blancato}, K. and {Bournaud}, F. and {Cassata}, P. and {Castellano}, M. and 
	{Cheung}, E. and {Conselice}, C.~J. and {Croton}, D. and {Dahlen}, T. and 
	{de Mello}, D.~F. and {DeGroot}, L. and {Donley}, J. and {Guedes}, J. and 
	{Grogin}, N. and {Hathi}, N. and {Hilton}, M. and {Hollon}, B. and 
	{Koekemoer}, A. and {Liu}, N. and {Lucas}, R.~A. and {Martig}, M. and 
	{McGrath}, E. and {McPartland}, C. and {Mobasher}, B. and {Morlock}, A. and 
	{O'Leary}, E. and {Peth}, M. and {Pforr}, J. and {Pillepich}, A. and 
	{Rosario}, D. and {Soto}, E. and {Straughn}, A. and {Telford}, O. and 
	{Sunnquist}, B. and {Trump}, J. and {Weiner}, B. and {Wuyts}, S.
	},
    title = "{CANDELS Visual Classifications: Scheme, Data Release, and First Results}",
  journal = {\apjs},
archivePrefix = "arXiv",
   eprint = {1401.2455},
 keywords = {cosmology: observations, galaxies: evolution, galaxies: high-redshift},
     year = 2015,
    month = nov,
   volume = 221,
      eid = {11},
    pages = {11},
      doi = {10.1088/0067-0049/221/1/11},
   adsurl = {http://adsabs.harvard.edu/abs/2015ApJS..221...11K},
  adsnote = {Provided by the SAO/NASA Astrophysics Data System}
}

@ARTICLE{2002ApJS..142....1S,
   author = {{Simard}, L. and {Willmer}, C.~N.~A. and {Vogt}, N.~P. and {Sarajedini}, V.~L. and 
	{Phillips}, A.~C. and {Weiner}, B.~J. and {Koo}, D.~C. and {Im}, M. and 
	{Illingworth}, G.~D. and {Faber}, S.~M.},
    title = "{The DEEP Groth Strip Survey. II. Hubble Space Telescope Structural Parameters of Galaxies in the Groth Strip}",
  journal = {\apjs},
   eprint = {astro-ph/0205025},
 keywords = {Galaxies: Evolution, Galaxies: Fundamental Parameters, Galaxies: High-Redshift},
     year = 2002,
    month = sep,
   volume = 142,
    pages = {1-33},
      doi = {10.1086/341399},
   adsurl = {http://adsabs.harvard.edu/abs/2002ApJS..142....1S},
  adsnote = {Provided by the SAO/NASA Astrophysics Data System}
}

@ARTICLE{Blanton2003,
   author = {{Blanton}, M.~R. and {Hogg}, D.~W. and {Bahcall}, N.~A. and 
	{Baldry}, I.~K. and {Brinkmann}, J. and {Csabai}, I. and {Eisenstein}, D. and 
	{Fukugita}, M. and {Gunn}, J.~E. and {Ivezi{\'c}}, {\v Z}. and 
	{Lamb}, D.~Q. and {Lupton}, R.~H. and {Loveday}, J. and {Munn}, J.~A. and 
	{Nichol}, R.~C. and {Okamura}, S. and {Schlegel}, D.~J. and 
	{Shimasaku}, K. and {Strauss}, M.~A. and {Vogeley}, M.~S. and 
	{Weinberg}, D.~H.},
    title = "{The Broadband Optical Properties of Galaxies with Redshifts 0.02$\lt$z$\lt$0.22}",
  journal = {\apj},
   eprint = {astro-ph/0209479},
 keywords = {Galaxies: Fundamental Parameters, Galaxies: Photometry, Galaxies: Statistics},
     year = 2003,
    month = sep,
   volume = 594,
    pages = {186-207},
      doi = {10.1086/375528},
   adsurl = {http://adsabs.harvard.edu/abs/2003ApJ...594..186B},
  adsnote = {Provided by the SAO/NASA Astrophysics Data System}
}

@ARTICLE{Schade1995,
   author = {{Schade}, D. and {Lilly}, S.~J. and {Crampton}, D. and {Hammer}, F. and 
	{Le Fevre}, O. and {Tresse}, L.},
    title = "{Canada-France Redshift Survey: Hubble Space Telescope Imaging of High-Redshift Field Galaxies}",
  journal = {\apjl},
   eprint = {astro-ph/9507028},
 keywords = {GALAXIES: EVOLUTION, GALAXIES: FUNDAMENTAL PARAMETERS},
     year = 1995,
    month = sep,
   volume = 451,
    pages = {L1},
      doi = {10.1086/309677},
   adsurl = {http://adsabs.harvard.edu/abs/1995ApJ...451L...1S},
  adsnote = {Provided by the SAO/NASA Astrophysics Data System}
}

@ARTICLE{Bershady2000,
   author = {{Bershady}, M.~A. and {Jangren}, A. and {Conselice}, C.~J.},
    title = "{Structural and Photometric Classification of Galaxies. I. Calibration Based on a Nearby Galaxy Sample}",
  journal = {\aj},
   eprint = {astro-ph/0002262},
 keywords = {Galaxies: Compact, Galaxies: Fundamental Parameters, Galaxies: Starburst},
     year = 2000,
    month = jun,
   volume = 119,
    pages = {2645-2663},
      doi = {10.1086/301386},
   adsurl = {http://adsabs.harvard.edu/abs/2000AJ....119.2645B},
  adsnote = {Provided by the SAO/NASA Astrophysics Data System}
}

@ARTICLE{Conselice2000,
   author = {{Conselice}, C.~J. and {Bershady}, M.~A. and {Jangren}, A.},
    title = "{The Asymmetry of Galaxies: Physical Morphology for Nearby and High-Redshift Galaxies}",
  journal = {\apj},
   eprint = {astro-ph/9907399},
 keywords = {GALAXIES: PHOTOMETRY, GALAXIES: STRUCTURE, Galaxies: Photometry, Galaxies: Structure},
     year = 2000,
    month = feb,
   volume = 529,
    pages = {886-910},
      doi = {10.1086/308300},
   adsurl = {http://adsabs.harvard.edu/abs/2000ApJ...529..886C},
  adsnote = {Provided by the SAO/NASA Astrophysics Data System}
}

@ARTICLE{Conselice2003,
   author = {{Conselice}, C.~J.},
    title = "{The Relationship between Stellar Light Distributions of Galaxies and Their Formation Histories}",
  journal = {\apjs},
   eprint = {astro-ph/0303065},
 keywords = {Galaxies: Evolution, Galaxies: Formation, Galaxies: Structure},
     year = 2003,
    month = jul,
   volume = 147,
    pages = {1-28},
      doi = {10.1086/375001},
   adsurl = {http://adsabs.harvard.edu/abs/2003ApJS..147....1C},
  adsnote = {Provided by the SAO/NASA Astrophysics Data System}
}

@ARTICLE{Conselice2006,
   author = {{Conselice}, C.~J.},
    title = "{The fundamental properties of galaxies and a new galaxy classification system}",
  journal = {\mnras},
   eprint = {astro-ph/0610016},
 keywords = {galaxies: evolution, galaxies: formation, galaxies: structure},
     year = 2006,
    month = dec,
   volume = 373,
    pages = {1389-1408},
      doi = {10.1111/j.1365-2966.2006.11114.x},
   adsurl = {http://adsabs.harvard.edu/abs/2006MNRAS.373.1389C},
  adsnote = {Provided by the SAO/NASA Astrophysics Data System}
}



@ARTICLE{Odewahn1996,
   author = {{Odewahn}, S.~C. and {Windhorst}, R.~A. and {Driver}, S.~P. and 
	{Keel}, W.~C.},
    title = "{Automated Morphological Classification in Deep Hubble Space Telescope UBVI Fields: Rapidly and Passively Evolving Faint Galaxy Populations}",
  journal = {\apjl},
 keywords = {GALAXIES: ELLIPTICAL AND LENTICULAR, CD, GALAXIES: SPIRAL, GALAXIES: IRREGULAR, GALAXIES: EVOLUTION, GALAXIES: FORMATION},
     year = 1996,
    month = nov,
   volume = 472,
    pages = {L13},
      doi = {10.1086/310345},
   adsurl = {http://adsabs.harvard.edu/abs/1996ApJ...472L..13O},
  adsnote = {Provided by the SAO/NASA Astrophysics Data System}
}

@ARTICLE{Odewahn2002,
   author = {{Odewahn}, S.~C. and {Cohen}, S.~H. and {Windhorst}, R.~A. and 
	{Philip}, N.~S.},
    title = "{Automated Galaxy Morphology: A Fourier Approach}",
  journal = {\apj},
   eprint = {astro-ph/0110275},
 keywords = {galaxies: fundamental parameters (classification), Galaxies: Structure, Methods: Data Analysis},
     year = 2002,
    month = apr,
   volume = 568,
    pages = {539-557},
      doi = {10.1086/339036},
   adsurl = {http://adsabs.harvard.edu/abs/2002ApJ...568..539O},
  adsnote = {Provided by the SAO/NASA Astrophysics Data System}
}


@ARTICLE{Naim1997,
   author = {{Naim}, A. and {Ratnatunga}, K.~U. and {Griffiths}, R.~E.},
    title = "{Quantitative Morphology of Moderate-Redshift Galaxies: How Many Peculiar Galaxies Are There?}",
  journal = {\apj},
   eprint = {astro-ph/9609075},
 keywords = {Galaxies: Evolution, Galaxies: Peculiar, Galaxies: Structure},
     year = 1997,
    month = feb,
   volume = 476,
    pages = {510-520},
   adsurl = {http://adsabs.harvard.edu/abs/1997ApJ...476..510N},
  adsnote = {Provided by the SAO/NASA Astrophysics Data System}
}

@ARTICLE{Refregier2003a,
   author = {{Refregier}, A.},
    title = "{Shapelets - I. A method for image analysis}",
  journal = {\mnras},
   eprint = {astro-ph/0105178},
 keywords = {gravitational lensing, methods: analytical, methods: data analysis, techniques: image processing, surveys},
     year = 2003,
    month = jan,
   volume = 338,
    pages = {35-47},
      doi = {10.1046/j.1365-8711.2003.05901.x},
   adsurl = {http://adsabs.harvard.edu/abs/2003MNRAS.338...35R},
  adsnote = {Provided by the SAO/NASA Astrophysics Data System}
}

@ARTICLE{Refregier2003b,
   author = {{Refregier}, A. and {Bacon}, D.},
    title = "{Shapelets - II. A method for weak lensing measurements}",
  journal = {\mnras},
   eprint = {astro-ph/0105179},
 keywords = {gravitational lensing, methods: data analysis, techniques: image processing, cosmology: observations, dark matter, large-scale structure of Universe},
     year = 2003,
    month = jan,
   volume = 338,
    pages = {48-56},
      doi = {10.1046/j.1365-8711.2003.05902.x},
   adsurl = {http://adsabs.harvard.edu/abs/2003MNRAS.338...48R},
  adsnote = {Provided by the SAO/NASA Astrophysics Data System}
}

@ARTICLE{KellyMcKay2004,
   author = {{Kelly}, B.~C. and {McKay}, T.~A.},
    title = "{Morphological Classification of Galaxies by Shapelet Decomposition in the Sloan Digital Sky Survey}",
  journal = {\aj},
   eprint = {astro-ph/0307395},
 keywords = {Galaxies: Fundamental Parameters, Galaxies: Statistics, Methods: Data Analysis, Methods: Statistical, Techniques: Image Processing},
     year = 2004,
    month = feb,
   volume = 127,
    pages = {625-645},
      doi = {10.1086/380934},
   adsurl = {http://adsabs.harvard.edu/abs/2004AJ....127..625K},
  adsnote = {Provided by the SAO/NASA Astrophysics Data System}
}

@ARTICLE{Armstrong2016,
   author = {{Armstrong}, D.~J. and {Kirk}, J. and {Lam}, K.~W.~F. and {McCormac}, J. and 
	{Osborn}, H.~P. and {Spake}, J. and {Walker}, S. and {Brown}, D.~J.~A. and 
	{Kristiansen}, M.~H. and {Pollacco}, D. and {West}, R. and {Wheatley}, P.~J.
	},
    title = "{K2 variable catalogue - II. Machine learning classification of variable stars and eclipsing binaries in K2 fields 0-4}",
  journal = {\mnras},
archivePrefix = "arXiv",
   eprint = {1512.01246},
 primaryClass = "astro-ph.SR",
 keywords = {methods: data analysis, techniques: photometric, catalogues, binaries: eclipsing, stars: variables: general},
     year = 2016,
    month = feb,
   volume = 456,
    pages = {2260-2272},
      doi = {10.1093/mnras/stv2836},
   adsurl = {http://adsabs.harvard.edu/abs/2016MNRAS.456.2260A},
  adsnote = {Provided by the SAO/NASA Astrophysics Data System}
}

@ARTICLE{HuertasCompany2008,
   author = {{Huertas-Company}, M. and {Rouan}, D. and {Tasca}, L. and {Soucail}, G. and 
	{Le F{\`e}vre}, O.},
    title = "{A robust morphological classification of high-redshift galaxies using support vector machines on seeing limited images. I. Method description}",
  journal = {\aap},
archivePrefix = "arXiv",
   eprint = {0709.1359},
 keywords = {galaxies: fundamental parameters, galaxies: high-redshift, methods: data analysis},
     year = 2008,
    month = feb,
   volume = 478,
    pages = {971-980},
      doi = {10.1051/0004-6361:20078625},
   adsurl = {http://adsabs.harvard.edu/abs/2008A%26A...478..971H},
  adsnote = {Provided by the SAO/NASA Astrophysics Data System}
}



@ARTICLE{HuertasCompany2015,
   author = {{Huertas-Company}, M. and {Gravet}, R. and {Cabrera-Vives}, G. and 
	{P{\'e}rez-Gonz{\'a}lez}, P.~G. and {Kartaltepe}, J.~S. and 
	{Barro}, G. and {Bernardi}, M. and {Mei}, S. and {Shankar}, F. and 
	{Dimauro}, P. and {Bell}, E.~F. and {Kocevski}, D. and {Koo}, D.~C. and 
	{Faber}, S.~M. and {Mcintosh}, D.~H.},
    title = "{A Catalog of Visual-like Morphologies in the 5 CANDELS Fields Using Deep Learning}",
  journal = {\apjs},
archivePrefix = "arXiv",
   eprint = {1509.05429},
 keywords = {catalogs, galaxies: high-redshift, galaxies: structure, surveys},
     year = 2015,
    month = nov,
   volume = 221,
      eid = {8},
    pages = {8},
      doi = {10.1088/0067-0049/221/1/8},
   adsurl = {http://adsabs.harvard.edu/abs/2015ApJS..221....8H},
  adsnote = {Provided by the SAO/NASA Astrophysics Data System}
}

@ARTICLE{Willett2013,
   author = {{Willett}, K.~W. and {Lintott}, C.~J. and {Bamford}, S.~P. and 
	{Masters}, K.~L. and {Simmons}, B.~D. and {Casteels}, K.~R.~V. and 
	{Edmondson}, E.~M. and {Fortson}, L.~F. and {Kaviraj}, S. and 
	{Keel}, W.~C. and {Melvin}, T. and {Nichol}, R.~C. and {Raddick}, M.~J. and 
	{Schawinski}, K. and {Simpson}, R.~J. and {Skibba}, R.~A. and 
	{Smith}, A.~M. and {Thomas}, D.},
    title = "{Galaxy Zoo 2: detailed morphological classifications for 304 122 galaxies from the Sloan Digital Sky Survey}",
  journal = {\mnras},
archivePrefix = "arXiv",
   eprint = {1308.3496},
 keywords = {methods: data analysis, catalogues, galaxies: elliptical and lenticular, galaxies: general, galaxies: spiral},
     year = 2013,
    month = nov,
   volume = 435,
    pages = {2835-2860},
      doi = {10.1093/mnras/stt1458},
   adsurl = {http://adsabs.harvard.edu/abs/2013MNRAS.435.2835W},
  adsnote = {Provided by the SAO/NASA Astrophysics Data System}
}


@ARTICLE{Scarlata2007,
   author = {{Scarlata}, C. and {Carollo}, C.~M. and {Lilly}, S. and {Sargent}, M.~T. and 
	{Feldmann}, R. and {Kampczyk}, P. and {Porciani}, C. and {Koekemoer}, A. and 
	{Scoville}, N. and {Kneib}, J.-P. and {Leauthaud}, A. and {Massey}, R. and 
	{Rhodes}, J. and {Tasca}, L. and {Capak}, P. and {Maier}, C. and 
	{McCracken}, H.~J. and {Mobasher}, B. and {Renzini}, A. and 
	{Taniguchi}, Y. and {Thompson}, D. and {Sheth}, K. and {Ajiki}, M. and 
	{Aussel}, H. and {Murayama}, T. and {Sanders}, D.~B. and {Sasaki}, S. and 
	{Shioya}, Y. and {Takahashi}, M.},
    title = "{COSMOS Morphological Classification with the Zurich Estimator of Structural Types (ZEST) and the Evolution Since z = 1 of the Luminosity Function of Early, Disk, and Irregular Galaxies}",
  journal = {\apjs},
 keywords = {Cosmology: Observations, Cosmology: Dark Matter, Galaxies: Evolution, Galaxies: Formation, Cosmology: Large-Scale Structure of Universe, Surveys},
     year = 2007,
    month = sep,
   volume = 172,
    pages = {406-433},
      doi = {10.1086/516582},
   adsurl = {http://adsabs.harvard.edu/abs/2007ApJS..172..406S},
  adsnote = {Provided by the SAO/NASA Astrophysics Data System}
}

@ARTICLE{Marshall2015,
   author = {{Marshall}, P.~J. and {Lintott}, C.~J. and {Fletcher}, L.~N.
	},
    title = "{Ideas for Citizen Science in Astronomy}",
  journal = {\araa},
archivePrefix = "arXiv",
   eprint = {1409.4291},
 primaryClass = "astro-ph.IM",
     year = 2015,
    month = aug,
   volume = 53,
    pages = {247-278},
      doi = {10.1146/annurev-astro-081913-035959},
   adsurl = {http://adsabs.harvard.edu/abs/2015ARA%26A..53..247M},
  adsnote = {Provided by the SAO/NASA Astrophysics Data System}
}

@ARTICLE{Marshall2016,
   author = {{Marshall}, P.~J. and {Verma}, A. and {More}, A. and {Davis}, C.~P. and 
	{More}, S. and {Kapadia}, A. and {Parrish}, M. and {Snyder}, C. and 
	{Wilcox}, J. and {Baeten}, E. and {Macmillan}, C. and {Cornen}, C. and 
	{Baumer}, M. and {Simpson}, E. and {Lintott}, C.~J. and {Miller}, D. and 
	{Paget}, E. and {Simpson}, R. and {Smith}, A.~M. and {K{\"u}ng}, R. and 
	{Saha}, P. and {Collett}, T.~E.},
    title = "{SPACE WARPS - I. Crowdsourcing the discovery of gravitational lenses}",
  journal = {\mnras},
archivePrefix = "arXiv",
   eprint = {1504.06148},
 primaryClass = "astro-ph.IM",
 keywords = {gravitational lensing: strong, methods: statistical},
     year = 2016,
    month = jan,
   volume = 455,
    pages = {1171-1190},
      doi = {10.1093/mnras/stv2009},
   adsurl = {http://adsabs.harvard.edu/abs/2016MNRAS.455.1171M},
  adsnote = {Provided by the SAO/NASA Astrophysics Data System}
}

@ARTICLE{Dieleman2015,
   author = {{Dieleman}, S. and {Willett}, K.~W. and {Dambre}, J.},
    title = "{Rotation-invariant convolutional neural networks for galaxy morphology prediction}",
  journal = {\mnras},
archivePrefix = "arXiv",
   eprint = {1503.07077},
 primaryClass = "astro-ph.IM",
 keywords = {methods: data analysis, techniques: image processing, catalogues, galaxies: general},
     year = 2015,
    month = jun,
   volume = 450,
    pages = {1441-1459},
      doi = {10.1093/mnras/stv632},
   adsurl = {http://adsabs.harvard.edu/abs/2015MNRAS.450.1441D},
  adsnote = {Provided by the SAO/NASA Astrophysics Data System}
}


@article{scikit-learn,
 title={Scikit-learn: Machine Learning in {P}ython},
 author={Pedregosa, F. and Varoquaux, G. and Gramfort, A. and Michel, V.
         and Thirion, B. and Grisel, O. and Blondel, M. and Prettenhofer, P.
         and Weiss, R. and Dubourg, V. and Vanderplas, J. and Passos, A. and
         Cournapeau, D. and Brucher, M. and Perrot, M. and Duchesnay, E.},
 journal={Journal of Machine Learning Research},
 volume={12},
 pages={2825--2830},
 year={2011}
}


@ARTICLE{More2016,
   author = {{More}, A. and {Verma}, A. and {Marshall}, P.~J. and {More}, S. and 
	{Baeten}, E. and {Wilcox}, J. and {Macmillan}, C. and {Cornen}, C. and 
	{Kapadia}, A. and {Parrish}, M. and {Snyder}, C. and {Davis}, C.~P. and 
	{Gavazzi}, R. and {Lintott}, C.~J. and {Simpson}, R. and {Miller}, D. and 
	{Smith}, A.~M. and {Paget}, E. and {Saha}, P. and {K{\"u}ng}, R. and 
	{Collett}, T.~E.},
    title = "{SPACE WARPS- II. New gravitational lens candidates from the CFHTLS discovered through citizen science}",
  journal = {\mnras},
archivePrefix = "arXiv",
   eprint = {1504.05587},
 keywords = {gravitational lensing: strong, methods: statistical},
     year = 2016,
    month = jan,
   volume = 455,
    pages = {1191-1210},
      doi = {10.1093/mnras/stv1965},
   adsurl = {http://adsabs.harvard.edu/abs/2016MNRAS.455.1191M},
  adsnote = {Provided by the SAO/NASA Astrophysics Data System}
}

@article{Glasser1962,
author = { Gerald J.   Glasser },
title = {Variance Formulas for the Mean Difference and Coefficient of Concentration},
journal = {Journal of the American Statistical Association},
volume = {57},
number = {299},
pages = {648-654},
year = {1962},
doi = {10.1080/01621459.1962.10500553},

URL = { 
        http://www.tandfonline.com/doi/abs/10.1080/01621459.1962.10500553
    
},
eprint = { 
        http://www.tandfonline.com/doi/pdf/10.1080/01621459.1962.10500553
    
}
,
    abstract = { Abstract A general formula for the variance of Gini's mean difference, a measure of dispersion, is given in this paper for simple random sampling without replacement from a finite population. Formulas for estimating the variance are also given together with a numerical example. Similar results are developed for Gini's coefficient of concentration, a relative measure of dispersion. }
}

@ARTICLE{sextractor,
   author = {{Bertin}, E. and {Arnouts}, S.},
    title = "{SExtractor: Software for source extraction.}",
  journal = {\aaps},
 keywords = {METHODS: DATA ANALYSIS, TECHNIQUES: IMAGE PROCESSING, GALAXIES: PHOTOMETRY},
     year = 1996,
    month = jun,
   volume = 117,
    pages = {393-404},
      doi = {10.1051/aas:1996164},
   adsurl = {http://adsabs.harvard.edu/abs/1996A%26AS..117..393B},
  adsnote = {Provided by the SAO/NASA Astrophysics Data System}
}


@ARTICLE{Snyder2015,
   author = {{Snyder}, G.~F. and {Torrey}, P. and {Lotz}, J.~M. and {Genel}, S. and 
	{McBride}, C.~K. and {Vogelsberger}, M. and {Pillepich}, A. and 
	{Nelson}, D. and {Sales}, L.~V. and {Sijacki}, D. and {Hernquist}, L. and 
	{Springel}, V.},
    title = "{Galaxy morphology and star formation in the Illustris Simulation at z = 0}",
  journal = {\mnras},
archivePrefix = "arXiv",
   eprint = {1502.07747},
 keywords = {methods: numerical, galaxies: formation, galaxies: statistics, galaxies: structure},
     year = 2015,
    month = dec,
   volume = 454,
    pages = {1886-1908},
      doi = {10.1093/mnras/stv2078},
   adsurl = {http://adsabs.harvard.edu/abs/2015MNRAS.454.1886S},
  adsnote = {Provided by the SAO/NASA Astrophysics Data System}
}

@BOOK{Hubble1936,
    author = {{Hubble}, E.~P.},
    year = 1936,
    title = "{The Realm of the Nebulae}",
    publisher = "{Yale University Press}"
}

@ARTICLE{Shen2003,
   author = {{Shen}, S. and {Mo}, H.~J. and {White}, S.~D.~M. and {Blanton}, M.~R. and 
	{Kauffmann}, G. and {Voges}, W. and {Brinkmann}, J. and {Csabai}, I.
	},
    title = "{The size distribution of galaxies in the Sloan Digital Sky Survey}",
  journal = {\mnras},
   eprint = {astro-ph/0301527},
 keywords = {galaxies: formation, galaxies: fundamental parameters, galaxies: statistics, galaxies: structure},
     year = 2003,
    month = aug,
   volume = 343,
    pages = {978-994},
      doi = {10.1046/j.1365-8711.2003.06740.x},
   adsurl = {http://adsabs.harvard.edu/abs/2003MNRAS.343..978S},
  adsnote = {Provided by the SAO/NASA Astrophysics Data System}
}

@ARTICLE{Peng2010,
   author = {{Peng}, Y.-j. and {Lilly}, S.~J. and {Kova{\v c}}, K. and {Bolzonella}, M. and 
	{Pozzetti}, L. and {Renzini}, A. and {Zamorani}, G. and {Ilbert}, O. and 
	{Knobel}, C. and {Iovino}, A. and {Maier}, C. and {Cucciati}, O. and 
	{Tasca}, L. and {Carollo}, C.~M. and {Silverman}, J. and {Kampczyk}, P. and 
	{de Ravel}, L. and {Sanders}, D. and {Scoville}, N. and {Contini}, T. and 
	{Mainieri}, V. and {Scodeggio}, M. and {Kneib}, J.-P. and {Le F{\`e}vre}, O. and 
	{Bardelli}, S. and {Bongiorno}, A. and {Caputi}, K. and {Coppa}, G. and 
	{de la Torre}, S. and {Franzetti}, P. and {Garilli}, B. and 
	{Lamareille}, F. and {Le Borgne}, J.-F. and {Le Brun}, V. and 
	{Mignoli}, M. and {Perez Montero}, E. and {Pello}, R. and {Ricciardelli}, E. and 
	{Tanaka}, M. and {Tresse}, L. and {Vergani}, D. and {Welikala}, N. and 
	{Zucca}, E. and {Oesch}, P. and {Abbas}, U. and {Barnes}, L. and 
	{Bordoloi}, R. and {Bottini}, D. and {Cappi}, A. and {Cassata}, P. and 
	{Cimatti}, A. and {Fumana}, M. and {Hasinger}, G. and {Koekemoer}, A. and 
	{Leauthaud}, A. and {Maccagni}, D. and {Marinoni}, C. and {McCracken}, H. and 
	{Memeo}, P. and {Meneux}, B. and {Nair}, P. and {Porciani}, C. and 
	{Presotto}, V. and {Scaramella}, R.},
    title = "{Mass and Environment as Drivers of Galaxy Evolution in SDSS and zCOSMOS and the Origin of the Schechter Function}",
  journal = {\apj},
archivePrefix = "arXiv",
   eprint = {1003.4747},
 primaryClass = "astro-ph.CO",
 keywords = {cosmology: observations, galaxies: active, galaxies: distances and redshifts, galaxies: evolution},
     year = 2010,
    month = sep,
   volume = 721,
    pages = {193-221},
      doi = {10.1088/0004-637X/721/1/193},
   adsurl = {http://adsabs.harvard.edu/abs/2010ApJ...721..193P},
  adsnote = {Provided by the SAO/NASA Astrophysics Data System}
}

@ARTICLE{Lintott2008,
   author = {{Lintott}, C.~J. and {Schawinski}, K. and {Slosar}, A. and {Land}, K. and 
	{Bamford}, S. and {Thomas}, D. and {Raddick}, M.~J. and {Nichol}, R.~C. and 
	{Szalay}, A. and {Andreescu}, D. and {Murray}, P. and {Vandenberg}, J.
	},
    title = "{Galaxy Zoo: morphologies derived from visual inspection of galaxies from the Sloan Digital Sky Survey}",
  journal = {\mnras},
archivePrefix = "arXiv",
   eprint = {0804.4483},
 keywords = {methods: data analysis , galaxies: elliptical and lenticular, cD , galaxies: general , galaxies: spiral},
     year = 2008,
    month = sep,
   volume = 389,
    pages = {1179-1189},
      doi = {10.1111/j.1365-2966.2008.13689.x},
   adsurl = {http://adsabs.harvard.edu/abs/2008MNRAS.389.1179L},
  adsnote = {Provided by the SAO/NASA Astrophysics Data System}
}


@ARTICLE{Peth2016,
   author = {{Peth}, M.~A. and {Lotz}, J.~M. and {Freeman}, P.~E. and {McPartland}, C. and 
	{Mortazavi}, S.~A. and {Snyder}, G.~F. and {Barro}, G. and {Grogin}, N.~A. and 
	{Guo}, Y. and {Hemmati}, S. and {Kartaltepe}, J.~S. and {Kocevski}, D.~D. and 
	{Koekemoer}, A.~M. and {McIntosh}, D.~H. and {Nayyeri}, H. and 
	{Papovich}, C. and {Primack}, J.~R. and {Simons}, R.~C.},
    title = "{Beyond spheroids and discs: classifications of CANDELS galaxy structure at 1.4 $\lt$ z $\lt$ 2 via principal component analysis}",
  journal = {\mnras},
archivePrefix = "arXiv",
   eprint = {1504.01751},
 keywords = {methods: statistical, catalogues, galaxies: evolution, galaxies: structure},
     year = 2016,
    month = may,
   volume = 458,
    pages = {963-987},
      doi = {10.1093/mnras/stw252},
   adsurl = {http://adsabs.harvard.edu/abs/2016MNRAS.458..963P},
  adsnote = {Provided by the SAO/NASA Astrophysics Data System}
}

@ARTICLE{Masters2010,
   author = {{Masters}, K.~L. and {Nichol}, R.~C. and {Hoyle}, B. and {Lintott}, C. and 
	{Bamford}, S.~P. and {Edmondson}, E.~M. and {Fortson}, L. and 
	{Keel}, W.~C. and {Schawinski}, K. and {Smith}, A.~M. and {Thomas}, D.
	},
    title = "{Galaxy Zoo: bars in disc galaxies}",
  journal = {\mnras},
archivePrefix = "arXiv",
   eprint = {1003.0449},
 keywords = {surveys, galaxies: bulges, galaxies: evolution, galaxies: photometry, galaxies: spiral, galaxies: structure},
     year = 2011,
    month = mar,
   volume = 411,
    pages = {2026-2034},
      doi = {10.1111/j.1365-2966.2010.17834.x},
   adsurl = {http://adsabs.harvard.edu/abs/2011MNRAS.411.2026M},
  adsnote = {Provided by the SAO/NASA Astrophysics Data System}
}


@ARTICLE{Willett2017,
   author = {{Willett}, K.~W. and {Galloway}, M.~A. and {Bamford}, S.~P. and 
	{Lintott}, C.~J. and {Masters}, K.~L. and {Scarlata}, C. and 
	{Simmons}, B.~D. and {Beck}, M. and {Cardamone}, C.~N. and {Cheung}, E. and 
	{Edmondson}, E.~M. and {Fortson}, L.~F. and {Griffith}, R.~L. and 
	{H{\"a}u{\ss}ler}, B. and {Han}, A. and {Hart}, R. and {Melvin}, T. and 
	{Parrish}, M. and {Schawinski}, K. and {Smethurst}, R.~J. and 
	{Smith}, A.~M.},
    title = "{Galaxy Zoo: morphological classifications for 120 000 galaxies in HST legacy imaging}",
  journal = {\mnras},
archivePrefix = "arXiv",
   eprint = {1610.03068},
     year = 2017,
    month = feb,
   volume = 464,
    pages = {4176-4203},
      doi = {10.1093/mnras/stw2568},
   adsurl = {http://adsabs.harvard.edu/abs/2017MNRAS.464.4176W},
  adsnote = {Provided by the SAO/NASA Astrophysics Data System}
}

@ARTICLE{Simmons2017,
   author = {{Simmons}, B.~D. and {Lintott}, C. and {Willett}, K.~W. and 
	{Masters}, K.~L. and {Kartaltepe}, J.~S. and {H{\"a}u{\ss}ler}, B. and 
	{Kaviraj}, S. and {Krawczyk}, C. and {Kruk}, S.~J. and {McIntosh}, D.~H. and 
	{Smethurst}, R.~J. and {Nichol}, R.~C. and {Scarlata}, C. and 
	{Schawinski}, K. and {Conselice}, C.~J. and {Almaini}, O. and 
	{Ferguson}, H.~C. and {Fortson}, L. and {Hartley}, W. and {Kocevski}, D. and 
	{Koekemoer}, A.~M. and {Mortlock}, A. and {Newman}, J.~A. and 
	{Bamford}, S.~P. and {Grogin}, N.~A. and {Lucas}, R.~A. and 
	{Hathi}, N.~P. and {McGrath}, E. and {Peth}, M. and {Pforr}, J. and 
	{Rizer}, Z. and {Wuyts}, S. and {Barro}, G. and {Bell}, E.~F. and 
	{Castellano}, M. and {Dahlen}, T. and {Dekel}, A. and {Ownsworth}, J. and 
	{Faber}, S.~M. and {Finkelstein}, S.~L. and {Fontana}, A. and 
	{Galametz}, A. and {Gr{\"u}tzbauch}, R. and {Koo}, D. and {Lotz}, J. and 
	{Mobasher}, B. and {Mozena}, M. and {Salvato}, M. and {Wiklind}, T.
	},
    title = "{Galaxy Zoo: quantitative visual morphological classifications for 48 000 galaxies from CANDELS}",
  journal = {\mnras},
archivePrefix = "arXiv",
   eprint = {1610.03070},
     year = 2017,
    month = feb,
   volume = 464,
    pages = {4420-4447},
      doi = {10.1093/mnras/stw2587},
   adsurl = {http://adsabs.harvard.edu/abs/2017MNRAS.464.4420S},
  adsnote = {Provided by the SAO/NASA Astrophysics Data System}
}


@INPROCEEDINGS{Athanassoula1996,
   author = {{Athanassoula}, E.},
    title = "{The Fate of Barred Galaxies in Interacting and Merging Systems}",
booktitle = {Lecture Notes in Physics, Berlin Springer Verlag},
     year = 1996,
   series = {Lecture Notes in Physics, Berlin Springer Verlag},
   volume = 474,
   editor = {{Sandqvist}, A. and {Lindblad}, P.~O.},
    pages = {59},
      doi = {10.1007/BFb0101965},
   adsurl = {http://adsabs.harvard.edu/abs/1996LNP...474...59A},
  adsnote = {Provided by the SAO/NASA Astrophysics Data System}
}

@ARTICLE{KK04,
   author = {{Kormendy}, J. and {Kennicutt}, Jr., R.~C.},
    title = "{Secular Evolution and the Formation of Pseudobulges in Disk Galaxies}",
  journal = {\araa},
   eprint = {astro-ph/0407343},
     year = 2004,
    month = sep,
   volume = 42,
    pages = {603-683},
      doi = {10.1146/annurev.astro.42.053102.134024},
   adsurl = {http://adsabs.harvard.edu/abs/2004ARA%26A..42..603K},
  adsnote = {Provided by the SAO/NASA Astrophysics Data System}
}

@ARTICLE{Simmons2014,
   author = {{Simmons}, B.~D. and {Melvin}, T. and {Lintott}, C. and {Masters}, K.~L. and 
	{Willett}, K.~W. and {Keel}, W.~C. and {Smethurst}, R.~J. and 
	{Cheung}, E. and {Nichol}, R.~C. and {Schawinski}, K. and {Rutkowski}, M. and 
	{Kartaltepe}, J.~S. and {Bell}, E.~F. and {Casteels}, K.~R.~V. and 
	{Conselice}, C.~J. and {Almaini}, O. and {Ferguson}, H.~C. and 
	{Fortson}, L. and {Hartley}, W. and {Kocevski}, D. and {Koekemoer}, A.~M. and 
	{McIntosh}, D.~H. and {Mortlock}, A. and {Newman}, J.~A. and 
	{Ownsworth}, J. and {Bamford}, S. and {Dahlen}, T. and {Faber}, S.~M. and 
	{Finkelstein}, S.~L. and {Fontana}, A. and {Galametz}, A. and 
	{Grogin}, N.~A. and {Gr{\"u}tzbauch}, R. and {Guo}, Y. and {H{\"a}u{\ss}ler}, B. and 
	{Jek}, K.~J. and {Kaviraj}, S. and {Lucas}, R.~A. and {Peth}, M. and 
	{Salvato}, M. and {Wiklind}, T. and {Wuyts}, S.},
    title = "{Galaxy Zoo: CANDELS barred discs and bar fractions}",
  journal = {\mnras},
archivePrefix = "arXiv",
   eprint = {1409.1214},
 keywords = {galaxies: evolution, galaxies: general, galaxies: spiral, galaxies: structure},
     year = 2014,
    month = dec,
   volume = 445,
    pages = {3466-3474},
      doi = {10.1093/mnras/stu1817},
   adsurl = {http://adsabs.harvard.edu/abs/2014MNRAS.445.3466S},
  adsnote = {Provided by the SAO/NASA Astrophysics Data System}
}

@ARTICLE{Cardamone2009,
   author = {{Cardamone}, C. and {Schawinski}, K. and {Sarzi}, M. and {Bamford}, S.~P. and 
	{Bennert}, N. and {Urry}, C.~M. and {Lintott}, C. and {Keel}, W.~C. and 
	{Parejko}, J. and {Nichol}, R.~C. and {Thomas}, D. and {Andreescu}, D. and 
	{Murray}, P. and {Raddick}, M.~J. and {Slosar}, A. and {Szalay}, A. and 
	{Vandenberg}, J.},
    title = "{Galaxy Zoo Green Peas: discovery of a class of compact extremely star-forming galaxies}",
  journal = {\mnras},
archivePrefix = "arXiv",
   eprint = {0907.4155},
 keywords = {galaxies: dwarf , galaxies: evolution , galaxies: formation , galaxies: high-redshift , galaxies: Seyfert , galaxies: starburst},
     year = 2009,
    month = nov,
   volume = 399,
    pages = {1191-1205},
      doi = {10.1111/j.1365-2966.2009.15383.x},
   adsurl = {http://adsabs.harvard.edu/abs/2009MNRAS.399.1191C},
  adsnote = {Provided by the SAO/NASA Astrophysics Data System}
}

@ARTICLE{Schirmer2016,
   author = {{Schirmer}, M. and {Malhotra}, S. and {Levenson}, N.~A. and 
	{Fu}, H. and {Davies}, R.~L. and {Keel}, W.~C. and {Torrey}, P. and 
	{Bennert}, V.~N. and {Pancoast}, A. and {Turner}, J.~E.~H.},
    title = "{About AGN ionization echoes, thermal echoes and ionization deficits in low-redshift Ly{$\alpha$} blobs}",
  journal = {\mnras},
archivePrefix = "arXiv",
   eprint = {1607.06481},
     year = 2016,
    month = dec,
   volume = 463,
    pages = {1554-1586},
      doi = {10.1093/mnras/stw1819},
   adsurl = {http://adsabs.harvard.edu/abs/2016MNRAS.463.1554S},
  adsnote = {Provided by the SAO/NASA Astrophysics Data System}
}


@Article{Breiman2001,
author="Breiman, Leo",
title="Random Forests",
journal="Machine Learning",
year="2001",
volume="45",
number="1",
pages="5--32",
abstract="Random forests are a combination of tree predictors such that each tree depends on the values of a random vector sampled independently and with the same distribution for all trees in the forest. The generalization error for forests converges a.s. to a limit as the number of trees in the forest becomes large. The generalization error of a forest of tree classifiers depends on the strength of the individual trees in the forest and the correlation between them. Using a random selection of features to split each node yields error rates that compare favorably to Adaboost (Y. Freund {\&} R. Schapire, Machine Learning: Proceedings of the Thirteenth International conference, ***, 148--156), but are more robust with respect to noise. Internal estimates monitor error, strength, and correlation and these are used to show the response to increasing the number of features used in the splitting. Internal estimates are also used to measure variable importance. These ideas are also applicable to regression.",
issn="1573-0565",
doi="10.1023/A:1010933404324",
url="http://dx.doi.org/10.1023/A:1010933404324"
}

@ARTICLE{Euclid,
   author = {{Laureijs}, R. and {Amiaux}, J. and {Arduini}, S. and {Augu{\`e}res}, J.~-. and 
	{Brinchmann}, J. and {Cole}, R. and {Cropper}, M. and {Dabin}, C. and 
	{Duvet}, L. and {Ealet}, A. and et al.},
    title = "{Euclid Definition Study Report}",
  journal = {ArXiv e-prints},
archivePrefix = "arXiv",
   eprint = {1110.3193},
 primaryClass = "astro-ph.CO",
 keywords = {Astrophysics - Cosmology and Extragalactic Astrophysics, Astrophysics - Galaxy Astrophysics},
     year = 2011,
    month = oct,
   adsurl = {http://adsabs.harvard.edu/abs/2011arXiv1110.3193L},
  adsnote = {Provided by the SAO/NASA Astrophysics Data System}
}

@ARTICLE{LSST,
   author = {{LSST Science Collaboration} and {Abell}, P.~A. and {Allison}, J. and 
	{Anderson}, S.~F. and {Andrew}, J.~R. and {Angel}, J.~R.~P. and 
	{Armus}, L. and {Arnett}, D. and {Asztalos}, S.~J. and {Axelrod}, T.~S. and et al.},
    title = "{LSST Science Book, Version 2.0}",
  journal = {ArXiv e-prints},
archivePrefix = "arXiv",
   eprint = {0912.0201},
 primaryClass = "astro-ph.IM",
 keywords = {Astrophysics - Instrumentation and Methods for Astrophysics, Astrophysics - Cosmology and Extragalactic Astrophysics, Astrophysics - Earth and Planetary Astrophysics, Astrophysics - Galaxy Astrophysics, Astrophysics - Solar and Stellar Astrophysics},
     year = 2009,
    month = dec,
   adsurl = {http://adsabs.harvard.edu/abs/2009arXiv0912.0201L},
  adsnote = {Provided by the SAO/NASA Astrophysics Data System}
}


@ARTICLE{Lintott2011,
   author = {{Lintott}, C. and {Schawinski}, K. and {Bamford}, S. and {Slosar}, A. and 
	{Land}, K. and {Thomas}, D. and {Edmondson}, E. and {Masters}, K. and 
	{Nichol}, R.~C. and {Raddick}, M.~J. and {Szalay}, A. and {Andreescu}, D. and 
	{Murray}, P. and {Vandenberg}, J.},
    title = "{Galaxy Zoo 1: data release of morphological classifications for nearly 900 000 galaxies}",
  journal = {\mnras},
archivePrefix = "arXiv",
   eprint = {1007.3265},
 primaryClass = "astro-ph.GA",
 keywords = {methods: data analysis, galaxies: elliptical and lenticular, cD, galaxies: general, galaxies: spiral},
     year = 2011,
    month = jan,
   volume = 410,
    pages = {166-178},
      doi = {10.1111/j.1365-2966.2010.17432.x},
   adsurl = {http://adsabs.harvard.edu/abs/2011MNRAS.410..166L},
  adsnote = {Provided by the SAO/NASA Astrophysics Data System}
}


@ARTICLE{Peng2002,
   author = {{Peng}, C.~Y. and {Ho}, L.~C. and {Impey}, C.~D. and {Rix}, H.-W.
	},
    title = "{Detailed Structural Decomposition of Galaxy Images}",
  journal = {\aj},
   eprint = {astro-ph/0204182},
 keywords = {Galaxies: Bulges, Galaxies: Fundamental Parameters, Galaxies: Nuclei, Galaxies: Structure, Techniques: Image Processing, Techniques: Photometric},
     year = 2002,
    month = jul,
   volume = 124,
    pages = {266-293},
      doi = {10.1086/340952},
   adsurl = {http://adsabs.harvard.edu/abs/2002AJ....124..266P},
  adsnote = {Provided by the SAO/NASA Astrophysics Data System}
}

@ARTICLE{deVauc1959,
   author = {{de Vaucouleurs}, G.},
    title = "{Classification and Morphology of External Galaxies.}",
  journal = {Handbuch der Physik},
     year = 1959,
   volume = 53,
    pages = {275},
   adsurl = {http://adsabs.harvard.edu/abs/1959HDP....53..275D},
  adsnote = {Provided by the SAO/NASA Astrophysics Data System}
}


@BOOK{Sandage1961,
   author = {{Sandage}, A.},
    title = "{The Hubble atlas of galaxies}",
 keywords = {ATLASES, GALAXIES},
booktitle = {Washington: Carnegie Institution, 1961},
     year = 1961,
   adsurl = {http://adsabs.harvard.edu/abs/1961hag..book.....S},
  adsnote = {Provided by the SAO/NASA Astrophysics Data System}
}


@ARTICLE{vandenBergh1976,
   author = {{van den Bergh}, S.},
    title = "{A new classification system for galaxies}",
  journal = {\apj},
 keywords = {Classifications, Galactic Evolution, Galactic Structure, Spiral Galaxies, Abundance, Elliptical Galaxies, Hubble Diagram, Interstellar Gas, Luminous Intensity},
     year = 1976,
    month = jun,
   volume = 206,
    pages = {883-887},
      doi = {10.1086/154452},
   adsurl = {http://adsabs.harvard.edu/abs/1976ApJ...206..883V},
  adsnote = {Provided by the SAO/NASA Astrophysics Data System}
}

@ARTICLE{Baillard2011,
   author = {{Baillard}, A. and {Bertin}, E. and {de Lapparent}, V. and {Fouqu{\'e}}, P. and 
	{Arnouts}, S. and {Mellier}, Y. and {Pell{\'o}}, R. and {Leborgne}, J.-F. and 
	{Prugniel}, P. and {Makarov}, D. and {Makarova}, L. and {McCracken}, H.~J. and 
	{Bijaoui}, A. and {Tasca}, L.},
    title = "{The EFIGI catalogue of 4458 nearby galaxies with detailed morphology}",
  journal = {\aap},
archivePrefix = "arXiv",
   eprint = {1103.5734},
 keywords = {astronomical databases: miscellaneous, catalogs, Galaxy: fundamental parameters, galaxies: spiral, galaxies: dwarf, galaxies: elliptical and lenticular, cD},
     year = 2011,
    month = aug,
   volume = 532,
      eid = {A74},
    pages = {A74},
      doi = {10.1051/0004-6361/201016423},
   adsurl = {http://adsabs.harvard.edu/abs/2011A%26A...532A..74B},
  adsnote = {Provided by the SAO/NASA Astrophysics Data System}
}


@ARTICLE{Freeman2013,
   author = {{Freeman}, P.~E. and {Izbicki}, R. and {Lee}, A.~B. and {Newman}, J.~A. and 
	{Conselice}, C.~J. and {Koekemoer}, A.~M. and {Lotz}, J.~M. and 
	{Mozena}, M.},
    title = "{New image statistics for detecting disturbed galaxy morphologies at high redshift}",
  journal = {\mnras},
archivePrefix = "arXiv",
   eprint = {1306.1238},
 keywords = {methods: data analysis, methods: statistical, galaxies: evolution, galaxies: fundamental parameters, galaxies: high-redshift, galaxies: statistics, galaxies: structure},
     year = 2013,
    month = sep,
   volume = 434,
    pages = {282-295},
      doi = {10.1093/mnras/stt1016},
   adsurl = {http://adsabs.harvard.edu/abs/2013MNRAS.434..282F},
  adsnote = {Provided by the SAO/NASA Astrophysics Data System}
}


@ARTICLE{Lackner2012,
   author = {{Lackner}, C.~N. and {Gunn}, J.~E.},
    title = "{Astrophysically motivated bulge-disc decompositions of Sloan Digital Sky Survey galaxies}",
  journal = {\mnras},
archivePrefix = "arXiv",
   eprint = {1201.0763},
 keywords = {galaxies: bulges, galaxies: evolution, galaxies: photometry, galaxies: structure},
     year = 2012,
    month = apr,
   volume = 421,
    pages = {2277-2302},
      doi = {10.1111/j.1365-2966.2012.20450.x},
   adsurl = {http://adsabs.harvard.edu/abs/2012MNRAS.421.2277L},
  adsnote = {Provided by the SAO/NASA Astrophysics Data System}
}


@ARTICLE{Dressler1980,
   author = {{Dressler}, A.},
    title = "{Galaxy morphology in rich clusters - Implications for the formation and evolution of galaxies}",
  journal = {\apj},
 keywords = {Elliptical Galaxies, Galactic Clusters, Galactic Evolution, Galactic Structure, Spiral Galaxies, Astronomical Maps, Density Distribution, Interstellar Gas, Telescopes, Universe, X Ray Astronomy},
     year = 1980,
    month = mar,
   volume = 236,
    pages = {351-365},
      doi = {10.1086/157753},
   adsurl = {http://adsabs.harvard.edu/abs/1980ApJ...236..351D},
  adsnote = {Provided by the SAO/NASA Astrophysics Data System}
}


@ARTICLE{RobertsHaynes1994,
   author = {{Roberts}, M.~S. and {Haynes}, M.~P.},
    title = "{Physical Parameters along the Hubble Sequence}",
  journal = {\araa},
     year = 1994,
   volume = 32,
    pages = {115-152},
      doi = {10.1146/annurev.aa.32.090194.000555},
   adsurl = {http://adsabs.harvard.edu/abs/1994ARA%26A..32..115R},
  adsnote = {Provided by the SAO/NASA Astrophysics Data System}
}


@ARTICLE{Watanabe1985,
   author = {{Watanabe}, M. and {Kodaira}, K. and {Okamura}, S.},
    title = "{Digital surface photometry of galaxies toward a quantitative classification. IV - Principal component analysis of surface-photometric parameters}",
  journal = {\apj},
 keywords = {Astronomical Photometry, Disk Galaxies, Elliptical Galaxies, Galactic Structure, Principal Components Analysis, Virgo Galactic Cluster, Brightness, Radial Velocity, Stellar Luminosity, Surface Properties, Velocity Distribution},
     year = 1985,
    month = may,
   volume = 292,
    pages = {72-78},
      doi = {10.1086/163133},
   adsurl = {http://adsabs.harvard.edu/abs/1985ApJ...292...72W},
  adsnote = {Provided by the SAO/NASA Astrophysics Data System}
}


@ARTICLE{Kormendy1977,
   author = {{Kormendy}, J.},
    title = "{Brightness distributions in compact and normal galaxies. III - Decomposition of observed profiles into spheroid and disk components}",
  journal = {\apj},
 keywords = {Astronomical Photometry, Brightness, Compact Galaxies, Galactic Structure, Light Curve, Astronomical Catalogs, Astronomical Models, Curve Fitting, Disks (Shapes), Iterative Solution, Spheroids},
     year = 1977,
    month = oct,
   volume = 217,
    pages = {406-419},
      doi = {10.1086/155589},
   adsurl = {http://adsabs.harvard.edu/abs/1977ApJ...217..406K},
  adsnote = {Provided by the SAO/NASA Astrophysics Data System}
}

@ARTICLE{Kauffman2003,
   author = {{Kauffmann}, G. and {Heckman}, T.~M. and {White}, S.~D.~M. and 
	{Charlot}, S. and {Tremonti}, C. and {Peng}, E.~W. and {Seibert}, M. and 
	{Brinkmann}, J. and {Nichol}, R.~C. and {SubbaRao}, M. and {York}, D.
	},
    title = "{The dependence of star formation history and internal structure on stellar mass for 10$^{5}$ low-redshift galaxies}",
  journal = {\mnras},
   eprint = {astro-ph/0205070},
 keywords = {galaxies: evolution, galaxies: formation, galaxies: stellar content},
     year = 2003,
    month = may,
   volume = 341,
    pages = {54-69},
      doi = {10.1046/j.1365-8711.2003.06292.x},
   adsurl = {http://adsabs.harvard.edu/abs/2003MNRAS.341...54K},
  adsnote = {Provided by the SAO/NASA Astrophysics Data System}
}


@ARTICLE{Nakamura2003,
   author = {{Nakamura}, O. and {Fukugita}, M. and {Yasuda}, N. and {Loveday}, J. and 
	{Brinkmann}, J. and {Schneider}, D.~P. and {Shimasaku}, K. and 
	{SubbaRao}, M.},
    title = "{The Luminosity Function of Morphologically Classified Galaxies in the Sloan Digital Sky Survey}",
  journal = {\aj},
   eprint = {astro-ph/0212405},
 keywords = {Cosmology: Observations, Galaxies: Fundamental Parameters},
     year = 2003,
    month = apr,
   volume = 125,
    pages = {1682-1688},
      doi = {10.1086/368135},
   adsurl = {http://adsabs.harvard.edu/abs/2003AJ....125.1682N},
  adsnote = {Provided by the SAO/NASA Astrophysics Data System}
}


@ARTICLE{Strateva2001,
   author = {{Strateva}, I. and {Ivezi{\'c}}, {\v Z}. and {Knapp}, G.~R. and 
	{Narayanan}, V.~K. and {Strauss}, M.~A. and {Gunn}, J.~E. and 
	{Lupton}, R.~H. and {Schlegel}, D. and {Bahcall}, N.~A. and 
	{Brinkmann}, J. and {Brunner}, R.~J. and {Budav{\'a}ri}, T. and 
	{Csabai}, I. and {Castander}, F.~J. and {Doi}, M. and {Fukugita}, M. and 
	{Gy{\H o}ry}, Z. and {Hamabe}, M. and {Hennessy}, G. and {Ichikawa}, T. and 
	{Kunszt}, P.~Z. and {Lamb}, D.~Q. and {McKay}, T.~A. and {Okamura}, S. and 
	{Racusin}, J. and {Sekiguchi}, M. and {Schneider}, D.~P. and 
	{Shimasaku}, K. and {York}, D.},
    title = "{Color Separation of Galaxy Types in the Sloan Digital Sky Survey Imaging Data}",
  journal = {\aj},
   eprint = {astro-ph/0107201},
 keywords = {Galaxies: Fundamental Parameters},
     year = 2001,
    month = oct,
   volume = 122,
    pages = {1861-1874},
      doi = {10.1086/323301},
   adsurl = {http://adsabs.harvard.edu/abs/2001AJ....122.1861S},
  adsnote = {Provided by the SAO/NASA Astrophysics Data System}
}


@ARTICLE{Land2008,
   author = {{Land}, K. and {Slosar}, A. and {Lintott}, C. and {Andreescu}, D. and 
	{Bamford}, S. and {Murray}, P. and {Nichol}, R. and {Raddick}, M.~J. and 
	{Schawinski}, K. and {Szalay}, A. and {Thomas}, D. and {Vandenberg}, J.
	},
    title = "{Galaxy Zoo: the large-scale spin statistics of spiral galaxies in the Sloan Digital Sky Survey}",
  journal = {\mnras},
archivePrefix = "arXiv",
   eprint = {0803.3247},
 keywords = {galaxies: spiral , large-scale structure of Universe},
     year = 2008,
    month = aug,
   volume = 388,
    pages = {1686-1692},
      doi = {10.1111/j.1365-2966.2008.13490.x},
   adsurl = {http://adsabs.harvard.edu/abs/2008MNRAS.388.1686L},
  adsnote = {Provided by the SAO/NASA Astrophysics Data System}
}

@ARTICLE{Bamford2009,
   author = {{Bamford}, S.~P. and {Nichol}, R.~C. and {Baldry}, I.~K. and 
	{Land}, K. and {Lintott}, C.~J. and {Schawinski}, K. and {Slosar}, A. and 
	{Szalay}, A.~S. and {Thomas}, D. and {Torki}, M. and {Andreescu}, D. and 
	{Edmondson}, E.~M. and {Miller}, C.~J. and {Murray}, P. and 
	{Raddick}, M.~J. and {Vandenberg}, J.},
    title = "{Galaxy Zoo: the dependence of morphology and colour on environment}",
  journal = {\mnras},
archivePrefix = "arXiv",
   eprint = {0805.2612},
 keywords = {galaxies: clusters: general , galaxies: evolution , galaxies: fundamental parameters , galaxies: statistics , galaxies: structure},
     year = 2009,
    month = mar,
   volume = 393,
    pages = {1324-1352},
      doi = {10.1111/j.1365-2966.2008.14252.x},
   adsurl = {http://adsabs.harvard.edu/abs/2009MNRAS.393.1324B},
  adsnote = {Provided by the SAO/NASA Astrophysics Data System}
}

@ARTICLE{Darg2010,
   author = {{Darg}, D.~W. and {Kaviraj}, S. and {Lintott}, C.~J. and {Schawinski}, K. and 
	{Sarzi}, M. and {Bamford}, S. and {Silk}, J. and {Andreescu}, D. and 
	{Murray}, P. and {Nichol}, R.~C. and {Raddick}, M.~J. and {Slosar}, A. and 
	{Szalay}, A.~S. and {Thomas}, D. and {Vandenberg}, J.},
    title = "{Galaxy Zoo: the properties of merging galaxies in the nearby Universe - local environments, colours, masses, star formation rates and AGN activity}",
  journal = {\mnras},
archivePrefix = "arXiv",
   eprint = {0903.5057},
 keywords = {catalogues, galaxies: elliptical and lenticular, cD, galaxies: evolution, galaxies: general, galaxies: interactions, galaxies: spiral},
     year = 2010,
    month = jan,
   volume = 401,
    pages = {1552-1563},
      doi = {10.1111/j.1365-2966.2009.15786.x},
   adsurl = {http://adsabs.harvard.edu/abs/2010MNRAS.401.1552D},
  adsnote = {Provided by the SAO/NASA Astrophysics Data System}
}


@ARTICLE{Schawinski2014,
   author = {{Schawinski}, K. and {Urry}, C.~M. and {Simmons}, B.~D. and 
	{Fortson}, L. and {Kaviraj}, S. and {Keel}, W.~C. and {Lintott}, C.~J. and 
	{Masters}, K.~L. and {Nichol}, R.~C. and {Sarzi}, M. and {Skibba}, R. and 
	{Treister}, E. and {Willett}, K.~W. and {Wong}, O.~I. and {Yi}, S.~K.
	},
    title = "{The green valley is a red herring: Galaxy Zoo reveals two evolutionary pathways towards quenching of star formation in early- and late-type galaxies}",
  journal = {\mnras},
archivePrefix = "arXiv",
   eprint = {1402.4814},
 keywords = {galaxies: active, galaxies: elliptical and lenticular, cD, galaxies: evolution, galaxies: spiral},
     year = 2014,
    month = may,
   volume = 440,
    pages = {889-907},
      doi = {10.1093/mnras/stu327},
   adsurl = {http://adsabs.harvard.edu/abs/2014MNRAS.440..889S},
  adsnote = {Provided by the SAO/NASA Astrophysics Data System}
}


@ARTICLE{Galloway2015,
   author = {{Galloway}, M.~A. and {Willett}, K.~W. and {Fortson}, L.~F. and 
	{Cardamone}, C.~N. and {Schawinski}, K. and {Cheung}, E. and 
	{Lintott}, C.~J. and {Masters}, K.~L. and {Melvin}, T. and {Simmons}, B.~D.
	},
    title = "{Galaxy Zoo: the effect of bar-driven fuelling on the presence of an active galactic nucleus in disc galaxies}",
  journal = {\mnras},
archivePrefix = "arXiv",
   eprint = {1502.01033},
 keywords = {galaxies: active, galaxies: Seyfert, galaxies: spiral},
     year = 2015,
    month = apr,
   volume = 448,
    pages = {3442-3454},
      doi = {10.1093/mnras/stv235},
   adsurl = {http://adsabs.harvard.edu/abs/2015MNRAS.448.3442G},
  adsnote = {Provided by the SAO/NASA Astrophysics Data System}
}


@ARTICLE{Smethurst2016,
   author = {{Smethurst}, R.~J. and {Lintott}, C.~J. and {Simmons}, B.~D. and 
	{Schawinski}, K. and {Bamford}, S.~P. and {Cardamone}, C.~N. and 
	{Kruk}, S.~J. and {Masters}, K.~L. and {Urry}, C.~M. and {Willett}, K.~W. and 
	{Wong}, O.~I.},
    title = "{Galaxy Zoo: evidence for rapid, recent quenching within a population of AGN host galaxies}",
  journal = {\mnras},
archivePrefix = "arXiv",
   eprint = {1609.00023},
 keywords = {galaxies: active, galaxies: evolution, galaxies: photometry, galaxies: Seyfert, galaxies: statistics},
     year = 2016,
    month = dec,
   volume = 463,
    pages = {2986-2996},
      doi = {10.1093/mnras/stw2204},
   adsurl = {http://adsabs.harvard.edu/abs/2016MNRAS.463.2986S},
  adsnote = {Provided by the SAO/NASA Astrophysics Data System}
}


@ARTICLE{Elmegreen2008,
   author = {{Elmegreen}, B.~G. and {Bournaud}, F. and {Elmegreen}, D.~M.
	},
    title = "{Bulge Formation by the Coalescence of Giant Clumps in Primordial Disk Galaxies}",
  journal = {\apj},
archivePrefix = "arXiv",
   eprint = {0808.0716},
 keywords = {instabilities, galaxies: bulges, stellar dynamics },
     year = 2008,
    month = nov,
   volume = 688,
      eid = {67-77},
    pages = {67-77},
      doi = {10.1086/592190},
   adsurl = {http://adsabs.harvard.edu/abs/2008ApJ...688...67E},
  adsnote = {Provided by the SAO/NASA Astrophysics Data System}
}


@ARTICLE{Sheth2008,
   author = {{Sheth}, K. and {Elmegreen}, D.~M. and {Elmegreen}, B.~G. and 
	{Capak}, P. and {Abraham}, R.~G. and {Athanassoula}, E. and 
	{Ellis}, R.~S. and {Mobasher}, B. and {Salvato}, M. and {Schinnerer}, E. and 
	{Scoville}, N.~Z. and {Spalsbury}, L. and {Strubbe}, L. and 
	{Carollo}, M. and {Rich}, M. and {West}, A.~A.},
    title = "{Evolution of the Bar Fraction in COSMOS: Quantifying the Assembly of the Hubble Sequence}",
  journal = {\apj},
archivePrefix = "arXiv",
   eprint = {0710.4552},
 keywords = {galaxies: evolution, galaxies: general, galaxies: high-redshift, galaxies: spiral, galaxies: structure },
     year = 2008,
    month = mar,
   volume = 675,
      eid = {1141-1155},
    pages = {1141-1155},
      doi = {10.1086/524980},
   adsurl = {http://adsabs.harvard.edu/abs/2008ApJ...675.1141S},
  adsnote = {Provided by the SAO/NASA Astrophysics Data System}
}


@BOOK{Sersic1968,
   author = {{Sersic}, J.~L.},
    title = "{Atlas de galaxias australes}",
 keywords = {GALAXIES, GROUPS OF GALAXIES, ATLASES},
booktitle = {Cordoba, Argentina: Observatorio Astronomico, 1968},
     year = 1968,
   adsurl = {http://adsabs.harvard.edu/abs/1968adga.book.....S},
  adsnote = {Provided by the SAO/NASA Astrophysics Data System}
}


@ARTICLE{Abraham1994,
   author = {{Abraham}, R.~G. and {Valdes}, F. and {Yee}, H.~K.~C. and {van den Bergh}, S.
	},
    title = "{The morphologies of distant galaxies. 1: an automated classification system}",
  journal = {\apj},
 keywords = {Astronomical Models, Computerized Simulation, Galactic Clusters, Image Classification, Mathematical Models, Morphology, Sky Surveys (Astronomy), Astronomical Photometry, Atmospheric Effects, Atmospheric Turbulence, Charge Coupled Devices, Monte Carlo Method, Seeing (Astronomy)},
     year = 1994,
    month = sep,
   volume = 432,
    pages = {75-90},
      doi = {10.1086/174550},
   adsurl = {http://adsabs.harvard.edu/abs/1994ApJ...432...75A},
  adsnote = {Provided by the SAO/NASA Astrophysics Data System}
}

@ARTICLE{Griffith2012,
   author = {{Griffith}, R.~L. and {Cooper}, M.~C. and {Newman}, J.~A. and 
	{Moustakas}, L.~A. and {Stern}, D. and {Comerford}, J.~M. and 
	{Davis}, M. and {Lotz}, J.~M. and {Barden}, M. and {Conselice}, C.~J. and 
	{Capak}, P.~L. and {Faber}, S.~M. and {Kirkpatrick}, J.~D. and 
	{Koekemoer}, A.~M. and {Koo}, D.~C. and {Noeske}, K.~G. and 
	{Scoville}, N. and {Sheth}, K. and {Shopbell}, P. and {Willmer}, C.~N.~A. and 
	{Weiner}, B.},
    title = "{The Advanced Camera for Surveys General Catalog: Structural Parameters for Approximately Half a Million Galaxies}",
  journal = {\apjs},
archivePrefix = "arXiv",
   eprint = {1203.1651},
 primaryClass = "astro-ph.CO",
 keywords = {catalogs, galaxies: evolution, galaxies: photometry, galaxies: structure, surveys},
     year = 2012,
    month = may,
   volume = 200,
      eid = {9},
    pages = {9},
      doi = {10.1088/0067-0049/200/1/9},
   adsurl = {http://adsabs.harvard.edu/abs/2012ApJS..200....9G},
  adsnote = {Provided by the SAO/NASA Astrophysics Data System}
}


@ARTICLE{Simard2011,
   author = {{Simard}, L. and {Mendel}, J.~T. and {Patton}, D.~R. and {Ellison}, S.~L. and 
	{McConnachie}, A.~W.},
    title = "{A Catalog of Bulge+disk Decompositions and Updated Photometry for 1.12 Million Galaxies in the Sloan Digital Sky Survey}",
  journal = {\apjs},
archivePrefix = "arXiv",
   eprint = {1107.1518},
 keywords = {galaxies: evolution, galaxies: fundamental parameters},
     year = 2011,
    month = sep,
   volume = 196,
      eid = {11},
    pages = {11},
      doi = {10.1088/0067-0049/196/1/11},
   adsurl = {http://adsabs.harvard.edu/abs/2011ApJS..196...11S},
  adsnote = {Provided by the SAO/NASA Astrophysics Data System}
}

@ARTICLE{Meert2016,
   author = {{Meert}, A. and {Vikram}, V. and {Bernardi}, M.},
    title = "{A catalogue of two-dimensional photometric decompositions in the SDSS-DR7 spectroscopic main galaxy sample: extension to g and i bands}",
  journal = {\mnras},
archivePrefix = "arXiv",
   eprint = {1510.07631},
 keywords = {galaxies: evolution, galaxies: fundamental parameters, galaxies: structure},
     year = 2016,
    month = jan,
   volume = 455,
    pages = {2440-2452},
      doi = {10.1093/mnras/stv2475},
   adsurl = {http://adsabs.harvard.edu/abs/2016MNRAS.455.2440M},
  adsnote = {Provided by the SAO/NASA Astrophysics Data System}
}



@ARTICLE{Holwerda2014,
   author = {{Holwerda}, B.~W. and {Mu{\~n}oz-Mateos}, J.-C. and {Comer{\'o}n}, S. and 
	{Meidt}, S. and {Sheth}, K. and {Laine}, S. and {Hinz}, J.~L. and 
	{Regan}, M.~W. and {Gil de Paz}, A. and {Men{\'e}ndez-Delmestre}, K. and 
	{Seibert}, M. and {Kim}, T. and {Mizusawa}, T. and {Laurikainen}, E. and 
	{Salo}, H. and {Laine}, J. and {Gadotti}, D.~A. and {Zaritsky}, D. and 
	{Erroz-Ferrer}, S. and {Ho}, L.~C. and {Knapen}, J.~H. and {Athanassoula}, E. and 
	{Bosma}, A. and {Pirzkal}, N.},
    title = "{Morphological Parameters of a Spitzer Survey of Stellar Structure in Galaxies}",
  journal = {\apj},
archivePrefix = "arXiv",
   eprint = {1309.1444},
 keywords = {galaxies: elliptical and lenticular, cD, galaxies: general, galaxies: irregular, galaxies: spiral, galaxies: statistics, galaxies: stellar content, galaxies: structure},
     year = 2014,
    month = jan,
   volume = 781,
      eid = {12},
    pages = {12},
      doi = {10.1088/0004-637X/781/1/12},
   adsurl = {http://adsabs.harvard.edu/abs/2014ApJ...781...12H},
  adsnote = {Provided by the SAO/NASA Astrophysics Data System}
}


@ARTICLE{Casteels2014,
   author = {{Casteels}, K.~R.~V. and {Conselice}, C.~J. and {Bamford}, S.~P. and 
	{Salvador-Sol{\'e}}, E. and {Norberg}, P.~R. and {Agius}, N.~K. and 
	{Baldry}, I. and {Brough}, S. and {Brown}, M.~J.~I. and {Drinkwater}, M.~J. and 
	{Driver}, S.~P. and {Graham}, A.~W. and {Bland-Hawthorn}, J. and 
	{Hopkins}, A.~M. and {Kelvin}, L.~S. and {L{\'o}pez-S{\'a}nchez}, A.~R. and 
	{Loveday}, J. and {Robotham}, A.~S.~G. and {V{\'a}zquez-Mata}, J.~A.
	},
    title = "{Galaxy And Mass Assembly (GAMA): refining the local galaxy merger rate using morphological information}",
  journal = {\mnras},
archivePrefix = "arXiv",
   eprint = {1409.1358},
 keywords = {galaxies: evolution, galaxies: general, galaxies: interactions, galaxies: statistics},
     year = 2014,
    month = dec,
   volume = 445,
    pages = {1157-1169},
      doi = {10.1093/mnras/stu1799},
   adsurl = {http://adsabs.harvard.edu/abs/2014MNRAS.445.1157C},
  adsnote = {Provided by the SAO/NASA Astrophysics Data System}
}


@ARTICLE{Fasano2012,
   author = {{Fasano}, G. and {Vanzella}, E. and {Dressler}, A. and {Poggianti}, B.~M. and 
	{Moles}, M. and {Bettoni}, D. and {Valentinuzzi}, T. and {Moretti}, A. and 
	{D'Onofrio}, M. and {Varela}, J. and {Couch}, W.~J. and {Kjaergaard}, P. and 
	{Fritz}, J. and {Omizzolo}, A. and {Cava}, A.},
    title = "{VizieR Online Data Catalog: Morphology of galaxies in WINGS clusters (Fasano+, 2012)}",
  journal = {VizieR Online Data Catalog},
 keywords = {Clusters: galaxy, Galaxy catalogs, Morphology},
     year = 2012,
    month = jan,
   volume = 742,
   adsurl = {http://adsabs.harvard.edu/abs/2012yCat..74200926F},
  adsnote = {Provided by the SAO/NASA Astrophysics Data System}
}

@ARTICLE{Ball2004,
   author = {{Ball}, N.~M. and {Loveday}, J. and {Fukugita}, M. and {Nakamura}, O. and 
	{Okamura}, S. and {Brinkmann}, J. and {Brunner}, R.~J.},
    title = "{Galaxy types in the Sloan Digital Sky Survey using supervised artificial neural networks}",
  journal = {\mnras},
   eprint = {astro-ph/0306390},
 keywords = {methods: data analysis, methods: statistical, galaxies: fundamental parameters, galaxies: photometry, galaxies: statistics},
     year = 2004,
    month = mar,
   volume = 348,
    pages = {1038-1046},
      doi = {10.1111/j.1365-2966.2004.07429.x},
   adsurl = {http://adsabs.harvard.edu/abs/2004MNRAS.348.1038B},
  adsnote = {Provided by the SAO/NASA Astrophysics Data System}
}

@ARTICLE{Banerji2010,
   author = {{Banerji}, M. and {Lahav}, O. and {Lintott}, C.~J. and {Abdalla}, F.~B. and 
	{Schawinski}, K. and {Bamford}, S.~P. and {Andreescu}, D. and 
	{Murray}, P. and {Raddick}, M.~J. and {Slosar}, A. and {Szalay}, A. and 
	{Thomas}, D. and {Vandenberg}, J.},
    title = "{Galaxy Zoo: reproducing galaxy morphologies via machine learning}",
  journal = {\mnras},
archivePrefix = "arXiv",
   eprint = {0908.2033},
 keywords = {methods: data analysis, galaxies: general},
     year = 2010,
    month = jul,
   volume = 406,
    pages = {342-353},
      doi = {10.1111/j.1365-2966.2010.16713.x},
   adsurl = {http://adsabs.harvard.edu/abs/2010MNRAS.406..342B},
  adsnote = {Provided by the SAO/NASA Astrophysics Data System}
}


@ARTICLE{Whitmore1990,
   author = {{Whitmore}, B.~C. and {Lucas}, R.~A. and {McElroy}, D.~B. and 
	{Steiman-Cameron}, T.~Y. and {Sackett}, P.~D. and {Olling}, R.~P.
	},
    title = "{New observations and a photographic atlas of polar-ring galaxies}",
  journal = {\aj},
 keywords = {Astronomical Catalogs, Astronomical Photography, Galactic Evolution, Galactic Structure, Ring Galaxies, Astronomical Models, Chaos, Interacting Galaxies, Spiral Galaxies},
     year = 1990,
    month = nov,
   volume = 100,
    pages = {1489-1522},
      doi = {10.1086/115614},
   adsurl = {http://adsabs.harvard.edu/abs/1990AJ....100.1489W},
  adsnote = {Provided by the SAO/NASA Astrophysics Data System}
}


@ARTICLE{Elmegreen2013,
   author = {{Elmegreen}, B.~G. and {Elmegreen}, D.~M. and {S{\'a}nchez Almeida}, J. and 
	{Mu{\~n}oz-Tu{\~n}{\'o}n}, C. and {Dewberry}, J. and {Putko}, J. and 
	{Teich}, Y. and {Popinchalk}, M.},
    title = "{Massive Clumps in Local Galaxies: Comparisons with High-redshift Clumps}",
  journal = {\apj},
archivePrefix = "arXiv",
   eprint = {1308.0306},
 keywords = {galaxies: evolution, galaxies: peculiar, galaxies: starburst, galaxies: star formation, ISM: kinematics and dynamics, stars: formation },
     year = 2013,
    month = sep,
   volume = 774,
      eid = {86},
    pages = {86},
      doi = {10.1088/0004-637X/774/1/86},
   adsurl = {http://adsabs.harvard.edu/abs/2013ApJ...774...86E},
  adsnote = {Provided by the SAO/NASA Astrophysics Data System}
}

@ARTICLE{astropy,
   author = {{Astropy Collaboration} and {Robitaille}, T.~P. and {Tollerud}, E.~J. and 
    {Greenfield}, P. and {Droettboom}, M. and {Bray}, E. and {Aldcroft}, T. and 
    {Davis}, M. and {Ginsburg}, A. and {Price-Whelan}, A.~M. and 
    {Kerzendorf}, W.~E. and {Conley}, A. and {Crighton}, N. and 
    {Barbary}, K. and {Muna}, D. and {Ferguson}, H. and {Grollier}, F. and 
    {Parikh}, M.~M. and {Nair}, P.~H. and {Unther}, H.~M. and {Deil}, C. and 
    {Woillez}, J. and {Conseil}, S. and {Kramer}, R. and {Turner}, J.~E.~H. and 
    {Singer}, L. and {Fox}, R. and {Weaver}, B.~A. and {Zabalza}, V. and 
    {Edwards}, Z.~I. and {Azalee Bostroem}, K. and {Burke}, D.~J. and 
    {Casey}, A.~R. and {Crawford}, S.~M. and {Dencheva}, N. and 
    {Ely}, J. and {Jenness}, T. and {Labrie}, K. and {Lian Lim}, P. and 
    {Pierfederici}, F. and {Pontzen}, A. and {Ptak}, A. and {Refsdal}, B. and 
    {Servillat}, M. and {Streicher}, O.},
    title = "{Astropy: A community Python package for astronomy}",
  journal = {\aap},
 keywords = {methods: data analysis, methods: miscellaneous, virtual observatory tools},
     year = 2013,
    month = oct,
   volume = 558,
      eid = {A33},
    pages = {A33},
      doi = {10.1051/0004-6361/201322068},
   adsurl = {http://adsabs.harvard.edu/abs/2013A%26A...558A..33A},
  adsnote = {Provided by the SAO/NASA Astrophysics Data System}
}

@INPROCEEDINGS{topcat,
   author = {{Taylor}, M.~B.},
    title = "{TOPCAT {\amp} STIL: Starlink Table/VOTable Processing Software}",
booktitle = {Astronomical Data Analysis Software and Systems XIV},
     year = 2005,
   series = {Astronomical Society of the Pacific Conference Series},
   volume = 347,
   editor = {{Shopbell}, P. and {Britton}, M. and {Ebert}, R.},
    month = dec,
    pages = {29},
   adsurl = {http://adsabs.harvard.edu/abs/2005ASPC..347...29T},
  adsnote = {Provided by the SAO/NASA Astrophysics Data System}
}


